@book{,
    author = "Frank Mittelbach and Michel Goossens  and Johannes Braams and David Carlisle  and Chris Rowley",
    title = "The {LaTeX} Companion",
    year = "1993",
    publisher = "Addison-Wesley",
    address = "Reading, Massachusetts"
}

@incollection{stapleton_sampling_2015,
	address = {Charlotte, NC},
	title = {Sampling weight considerations for multilevel modeling of panel data},
	booktitle = {Advances in multilevel modeling for educational research: {Addressing} practical issues found in real-world applications},
	publisher = {Information Age Publishing, Inc.},
	author={Stapleton, Laura M. and Harring, Jefrrey R. and {\myname{Lee, Daniel Y.}}},
	editor = {Harring, Jeffrey R and Stapleton, Laura M and Beretvas, Natasha S},
	year = {2015},
	pages = {63--96}
}

@article{cassiday_covariance_UR,
	title = {Error Covariance Structure in
Quadratic Models},
	volume = {},
	number = {},
	journal = {},
	author = {Cassiday, Kristina and {\myname{Lee, Daniel Y.}} and Hancock, Gregory R.},
	year = {in prep.},
	keywords = {},
	pages = {}
}

@article{lee_gmmmissing,
	title = {Handling of missing data with growth mixture models},
	volume = {},
	number = {},
	journal = {},
	author = {\myname{Lee, Daniel Y.}},
	year = {in prep.},
	keywords = {},
	pages = {}
}

@article{lee_nonresponse_UR2,
	title = {Choice of Sampling Weights for Longitudinal Modeling of Panel Data.},
	volume = {87},
	number = {4},
	journal = {Journal of Experimental Education},
	author = {{\myname{Lee, Daniel Y.}} and Harring, Jeffrey R. and Stapleton, Laura M.},
	year = {2019},
	keywords = {},
	pages = {596-615}
}

@booklet{lee_nonresponse_UR,
author = {{\myname{Lee, Daniel Y.}} and Harring, Jeffrey R. and Stapleton, Laura M.},
title= {Choice of Sampling Weights for Longitudinal Modeling of Panel Data.},
howpublished= {\textit{Journal of Experimental Education}, \textit{87}, 596-615.},
year = {2019},
}

@article{lee_mscatdif,
  author       = {{\myname{Lee, Daniel Y.}}}, 
  title        = {mscatdif: Multi-Stage Computer Adaptive Test Differential Item Functioning},
  volume 	   = {Center for Applied Linguistics},
  year         = {2017},
  note         = {R package version 1.0.0.0, \url{https://github.com/faffr/mscatdif.}}
}

@article{lee_reshapeCP,
  author       = {{\myname{Lee, Daniel Y.}}}, 
  title        = {reshapeCP: Reshape messy data from ChangePond},
  volume 	   = {Center for Applied Linguistics},
  year         = {2017},
  note         = {R package version 1.0.0.0, \url{https://github.com/faffr/reshapeCP.}}
}

@article{lee_missingirt_UR,
	title = {Utilizing nonignorable missing data information in item
response theory},
	volume = {},
	number = {},
	journal = {},
	author = {{\myname{Lee, Daniel Y.}} and Yang, Ji Seung},
	year = {in prep.},
	keywords = {},
	pages = {}
}

@techreport{lissitz_cdm_2014,
  author       = {Lissitz, Robert W. and Jiao, Hong and Li, Ming and {\myname{Lee, Daniel Y.}} and Kang, Yoon}, 
  title        = {Cognitive Diagnostic Models},
  institution  = {Maryland Assessment Research Center, University of Maryland},
  year         = {2014},
  number       = {},
  address      = {College Park, MD},
  month        = {},
  note         = {MARC Executive Report}
}

@techreport{lissitz_comp_2013,
  author       = {Lissitz, Robert W. and Jiao, Hong and Li, Ming and {\myname{Lee, Daniel Y.}} and Kang, Yoon}, 
  title        = {Issues related to comparing new
and old assessments and comparing trends},
  institution  = {Maryland Assessment Research Center, University of Maryland},
  year         = {2013},
  number       = {},
  address      = {College Park, MD},
  month        = {},
  note         = {MARC Executive Report}
}

@booklet{lee_mi_2016,
author = {{\myname{Lee, Daniel Y.}}},
title= {Multiple imputation in finite mixture modeling},
howpublished= {Paper presented at the Modern Modeling Methods Conference, University of Connecticut, Storrs, CT},
year = {2016, May}
}

@booklet{cassiday_errorcov_2016,
author = {{\myname{Lee, Daniel Y.}}, Cassiday, Kristina and Hancock, Gregory R.},
title= {Error covariance structure in a latent
quadratic effects model.},
howpublished= {Paper presented at the annual meeting of the American Educational Research Association, Washington, DC},
year = {2016, April},
}

@booklet{stapleton_weights_2016,
author = {Stapleton, Laura M. and {\myname{Lee, Daniel Y.}} and Harring, Jefrrey R.},
title= {Choice of sampling weight for longitudinal modeling of panel data.},
howpublished= {Paper presented at the annual meeting of the American Educational Research Association, Washington, DC},
year = {2016, April},
}

@booklet{lee_missingirt_2016,
author = {{\myname{Lee, Daniel Y.}}},
title= {Utilizing non-ignorable missing data information in item response theory.},
howpublished= {Poster presented at the National Council on Measurement in Educational, Washington, DC},
year = {2016, April},
}

@booklet{lee_bp_2019,
author = {{Monte, M., \myname{Lee, Daniel Y.}}},
title= {BEST Plus 3.0: Assessing speaking using a multistage adaptive test.},
howpublished= {Demonstration presented at the Language Testing Research Colloquium, Atlanta, GA},
year = {2019, March},
}

@booklet{stapleton_multilevelmiss_2016,
author = {Stapleton, Laura M. and Harring, Jefrrey R. and {\myname{Lee, Daniel Y.}}},
title= {Sampling weight considerations for multilevel modeling of panel data.},
howpublished= {Presentation at the conference for Advances in
Multilevel Modeling for Educational Research, College Park, MD},
year = {2014, November},
}

@booklet{yang_missingirt_2015,
author = {Yang, Ji Seung and {\myname{Lee, Daniel Y.}}},
title= {Utilizing non-ignorable missing data information in item response theory.},
howpublished= {Poster presented at the International Meeting of the Psychometric Society, Beijing Normal University, Beijing},
year = {2015, July},
}

@booklet{lee_aig_2014,
author = {{\myname{Lee, Daniel Y.}} and Sweet, Shauna},
title= {Introduction to computer adaptive formative assessment automatic item generation system.},
howpublished= {Poster presented at the annual meeting of the American Educational Research Association, Philadelphia, PA},
year = {2014, April},
}

@phdthesis{lee_missingdiss_2019,
author = {\myname{Lee, Daniel Y.}},
title = {Handling of Missing Data with Growth Mixture Models},
publisher = {ProQuest},
address = {University of Maryland, College Park},
year = {2019}
}

@unpublished{cui_cte_2020,
author = {Cui, Weiwei and {\myname{Lee, Daniel Y.}} and Duffy, Liam J. and Hendrickson, Amy},
title = {IRT Calibration of Paired Items on Large-Scale Test},
note = {Manuscript submitted for publication},
year = {2020}
}
